@article{Saval-Calvo}


@article{1742-6596-787-1-012017,
	author={Shamsundar Kulkarni and D.S Bormane and S.L Nalbalwar},
	title={Video Stabilization Using Feature Point Matching},
	journal={Journal of Physics: Conference Series},
	volume={787},
	number={1},
	pages={012017},
	url={http://stacks.iop.org/1742-6596/787/i=1/a=012017},
	year={2017},
}

